@inproceedings{SABC05,
author = {Stonebraker, Mike and Abadi, Daniel J. and Batkin, Adam and Chen, Xuedong and Cherniack, Mitch and Ferreira, Miguel and Lau, Edmond and Lin, Amerson and Madden, Sam and O'Neil, Elizabeth and O'Neil, Pat and Rasin, Alex and Tran, Nga and Zdonik, Stan},
title = {C-Store: A Column-Oriented DBMS},
year = {2005},
isbn = {1595931546},
publisher = {VLDB Endowment},
booktitle = {Proceedings of the 31st International Conference on Very Large Data Bases},
pages = {553–564},
numpages = {12},
location = {Trondheim, Norway},
series = {VLDB '05}
}

@article{RM17,
author = {Raasveldt, Mark and M\"{u}hleisen, Hannes},
title = {Don't Hold My Data Hostage: A Case for Client Protocol Redesign},
year = {2017},
issue_date = {June 2017},
publisher = {VLDB Endowment},
volume = {10},
number = {10},
issn = {2150-8097},
url = {https://doi.org/10.14778/3115404.3115408},
doi = {10.14778/3115404.3115408},
journal = {Proc. VLDB Endow.},
month = {jun},
pages = {1022–1033},
numpages = {12},
keywords = {data export, databases, client protocols}
}

@article{MTSZ202,
  doi = {10.1007/s10707-020-00407-w},
  url = {https://doi.org/10.1007/s10707-020-00407-w},
  year = {2020},
  month = jun,
  publisher = {Springer Science and Business Media {LLC}},
  volume = {25},
  number = {2},
  pages = {243--268},
  author = {Antonios Makris and Konstantinos Tserpes and Giannis Spiliopoulos and Dimitrios Zissis and Dimosthenis Anagnostopoulos},
  title = {{MongoDB} Vs {PostgreSQL}: A comparative study on performance aspects},
  journal = {{GeoInformatica}}
}

@incollection{Harr15,
  doi = {10.1007/978-1-4842-1329-2_13},
  url = {https://doi.org/10.1007/978-1-4842-1329-2_13},
  year = {2015},
  publisher = {Apress},
  pages = {217--228},
  author = {Guy Harrison},
  title = {Database Survey},
  booktitle = {Next Generation Databases}
}